 
@inproceedings{AbuDabaseh2018,
  author     = {Abu-Dabaseh, Farah and Alshammari, Esraa},
  booktitle  = {Computer Science \& Information Technology},
  title      = {Automated Penetration Testing: An Overview},
  year       = {2018},
  month      = apr,
  publisher  = {Academy \& Industry Research Collaboration Center},
  series     = {NATL 2018},
  collection = {NATL 2018},
  doi        = {10.5121/csit.2018.80610}
}

@article{Albahar2022,
  author    = {Albahar, Marwan and Alansari, Dhoha and Jurcut, Anca},
  journal   = {Electronics},
  title     = {An Empirical Comparison of Pen-Testing Tools for Detecting Web App Vulnerabilities},
  year      = {2022},
  issn      = {2079-9292},
  month     = sep,
  number    = {19},
  pages     = {2991},
  volume    = {11},
  doi       = {10.3390/electronics11192991},
  publisher = {MDPI AG}
}

 
@article{Altulaihan2023,
  author    = {Altulaihan, Esra Abdullatif and Alismail, Abrar and Frikha, Mounir},
  journal   = {Electronics},
  title     = {A Survey on Web Application Penetration Testing},
  year      = {2023},
  issn      = {2079-9292},
  month     = mar,
  number    = {5},
  pages     = {1229},
  volume    = {12},
  doi       = {10.3390/electronics12051229},
  publisher = {MDPI AG}
}

@article{AparecidoCardoso2019,
  author    = {Aparecido Cardoso, João Antonio and Ishizu, Felipe Takeshi and De Lima, Jeferson Tadeu and Pinto, Jefferson De Souza},
  journal   = {Brazilian Journal of Operations \& Production Management},
  title     = {Blockchain Based MFA Solution: the use of hydro raindrop MFA for information security on WordPress websites},
  year      = {2019},
  issn      = {2237-8960},
  month     = may,
  number    = {2},
  pages     = {281--293},
  volume    = {16},
  doi       = {10.14488/bjopm.2019.v16.n2.a9},
  publisher = {Associacao Brasileira de Engenharia de Producao - ABEPRO}
}

 
@article{Casola2020,
  author    = {Casola, Valentina and Benedictis, Alessandra De and Rak, Massimiliano and Villano, Umberto},
  journal   = {International Journal of Grid and Utility Computing},
  title     = {A methodology for automated penetration testing of cloud applications},
  year      = {2020},
  issn      = {1741-8488},
  number    = {2},
  pages     = {267},
  volume    = {11},
  doi       = {10.1504/ijguc.2020.105541},
  publisher = {Inderscience Publishers}
}

@misc{Deng2023,
  author    = {Deng, Gelei and Liu, Yi and Mayoral-Vilches, Víctor and Liu, Peng and Li, Yuekang and Xu, Yuan and Zhang, Tianwei and Liu, Yang and Pinzger, Martin and Rass, Stefan},
  title     = {PentestGPT: An LLM-empowered Automatic Penetration Testing Tool},
  year      = {2023},
  copyright = {Creative Commons Attribution 4.0 International},
  doi       = {10.48550/ARXIV.2308.06782},
  keywords  = {Software Engineering, Cryptography and Security, FOS: Computer and information sciences, FOS: Computer and information sciences},
  publisher = {arXiv}
}

@article{Fathurrahmad2020,
  author  = {Fathurrahmad Fathurrahmad and Ester Ester},
  journal = {JurnalMantik},
  title   = {Automatic Scanner Tools Analysis As A Website Penetration Testing},
  year    = {2020},
  number  = {2},
  pages   = {1138-1144},
  volume  = {4}
}

 
@article{Hossain2019,
  author  = {Md Sakib Hossain},
  journal = {TURKU UNIVERSITY OF APPLIED SCIENCES},
  title   = {WEB APPLICATIONDEVELOPMENT WITHLARAVEL FRAMEWORK},
  year    = {2019}
}

 
@article{Jarupunphol2023,
  author    = {Jarupunphol, Pita and Seatun, Suppachochai and Buathong, Wipawan},
  journal   = {Pertanika Journal of Science and Technology},
  title     = {Measuring Vulnerability Assessment Tools Performance on the University Web Application},
  year      = {2023},
  issn      = {2231-8526},
  month     = oct,
  number    = {6},
  pages     = {2973--2993},
  volume    = {31},
  doi       = {10.47836/pjst.31.6.19},
  publisher = {Universiti Putra Malaysia}
}

@article{Lebedeva2023,
  author = {Inna Lebedeva and Maksym Rakomin},
  title  = {LARAVEL VS WORDPRESS: WHAT TO CHOOSE FOR YOUR WEBSITE},
  year   = {2023},
  url    = {https://greenice.net/laravel-vs-wordpress/}
}

 
@article{Mangca2023,
  author    = {Darwin C. Mangca},
  journal   = {International Journal of Advanced Research in Science, Communication and Technology},
  title     = {Web-Based Sea Transport Booking System: Design and Development using Laravel Framework},
  year      = {2023},
  issn      = {2581-9429},
  month     = jul,
  pages     = {223--228},
  doi       = {10.48175/ijarsct-12131},
  publisher = {Naksh Solutions}
}

@article{Nagendran2019,
  author    = {K, Nagendran and A, Adithyan and ravichandran, Chethana and Varshini K B, Bala Sri and P, Camillus},
  journal   = {International Journal of Innovative Technology and Exploring Engineering},
  title     = {Web Application Penetration Testing},
  year      = {2019},
  issn      = {2278-3075},
  month     = aug,
  number    = {10},
  pages     = {1029--1035},
  volume    = {8},
  doi       = {10.35940/ijitee.j9173.0881019},
  publisher = {Blue Eyes Intelligence Engineering and Sciences Engineering and Sciences Publication - BEIESP}
}

@Article{OlivianaZabka2023,
  author  = {Oliviana Zabka, Arthur and Id Hadiana, Asep and Herdi Ashaury},
  journal = {Journal of Informaticsand Communications Technology},
  title   = {IMPLEMENTATION OF OAUTH 2.0 BASED ON LARAVEL FRAMEWORK IN A CASE STUDY OF CLIENT INFORMATION MANAGEMENT SYSTEM},
  year    = {2023},
  number  = {2},
  pages   = {186-195},
  volume  = {5},
  url     = {https://ejournal.akademitelkom.ac.id/j_ict/index.php/j_ict/article/view/219/158},
}

 
@inproceedings{Petrica2022,
  author     = {Petrică, Gabriel},
  booktitle  = {Proceedings of the International Conference on Cybersecurity and Cybercrime},
  title      = {Cybersecurity of WordPress Platforms. An Analysis Using Attack-Defense Trees Method},
  year       = {2022},
  month      = apr,
  publisher  = {Romanian Association for Information Security Assurance},
  series     = {IC3},
  collection = {IC3},
  doi        = {10.19107/cybercon.2022.09}
}

 
@article{Sharma2023,
  author  = {Peeyush Sharma},
  journal = {Simon Fraser University},
  title   = {A Deep Dive into OWASP Top 3 Security Risks},
  year    = {2023},
  url     = {https://opencoursehub.cs.sfu.ca/bfraser/grav-cms/cmpt415/report/sample/OWASP_Top3SecurityRisks-HaitiHHA.pdf}
}

@book{Stuttard2011,
  author    = {Dafydd Stuttard and Marcus Pinto},
  publisher = {John Wiley \& Sons, Inc.},
  title     = {The Web Application Hacker's Handbook: Finding and Exploiting Security Flaws},
  year      = {2011}
}

 
@book{Velu2022,
  author    = {Vijay Kumar Velu},
  editor    = {Amisha Vathare},
  publisher = {Packt publishing Ltd.},
  title     = {Mastering Kali Linux for advanced penetration testing},
  year      = {2022}
}

 
@Article{Alhamed2023,
  author    = {Alhamed, Mariam and Rahman, M. M. Hafizur},
  journal   = {Applied Sciences},
  title     = {A Systematic Literature Review on Penetration Testing in Networks: Future Research Directions},
  year      = {2023},
  issn      = {2076-3417},
  month     = jun,
  number    = {12},
  pages     = {6986},
  volume    = {13},
  doi       = {10.3390/app13126986},
  publisher = {MDPI AG},
}

 
@Article{Sarker2023,
  author    = {Sarker, Kamal Uddin and Yunus, Farizah and Deraman, Aziz},
  journal   = {Sustainability},
  title     = {Penetration Taxonomy: A Systematic Review on the Penetration Process, Framework, Standards, Tools, and Scoring Methods},
  year      = {2023},
  issn      = {2071-1050},
  month     = jul,
  number    = {13},
  pages     = {10471},
  volume    = {15},
  doi       = {10.3390/su151310471},
  publisher = {MDPI AG},
}

 
@Article{Yi2023,
  author    = {Yi, Junkai and Liu, Xiaoyan},
  journal   = {Applied Sciences},
  title     = {Deep Reinforcement Learning for Intelligent Penetration Testing Path Design},
  year      = {2023},
  issn      = {2076-3417},
  month     = aug,
  number    = {16},
  pages     = {9467},
  volume    = {13},
  doi       = {10.3390/app13169467},
  publisher = {MDPI AG},
}

 
@Article{DalalanaBertoglio2017,
  author    = {Dalalana Bertoglio, Daniel and Zorzo, Avelino Francisco},
  journal   = {Journal of the Brazilian Computer Society},
  title     = {Overview and open issues on penetration test},
  year      = {2017},
  issn      = {1678-4804},
  month     = feb,
  number    = {1},
  volume    = {23},
  doi       = {10.1186/s13173-017-0051-1},
  publisher = {Sociedade Brasileira de Computacao - SB},
}

 
@Article{Ravindran2022,
  author    = {Ravindran, Urshila and Potukuchi, Raghu Vamsi},
  journal   = {Review of Computer Engineering Studies},
  title     = {A Review on Web Application Vulnerability Assessment and Penetration Testing},
  year      = {2022},
  issn      = {2369-0763},
  month     = mar,
  number    = {1},
  pages     = {1--22},
  volume    = {9},
  doi       = {10.18280/rces.090101},
  publisher = {International Information and Engineering Technology Association},
}

@Comment{jabref-meta: databaseType:bibtex;}
